@BOOK{Bishop,
author={Christopher M. Bishop},
title={Pattern Recognition and Machine Learning},
year={2006},
publisher={Springer},
ISBN={0-387-31073-8}}
@book{hastie,
author={Friedman J. and Hastie T. and Tibshirani R.},
title={The Elements of Statistical Learning},
publisher = {Springer Series in Statistics},
isbn={978-0-387-84858-7},
year={2009},
}